@Book{IB-A945007,
  author =	"M. Goossens and F. Mittelbach and A. Samarin",
  title =	"The LaTex-Companion",
  publisher =	"Addison-Wesley",
  address =	"Reading",
  year = 	"1994",
  descriptor =	"LaTeX",
}

@Book{goosens-rahtz:1997a,
  author =	"Michael Goosens and Sebastian Rahtz",
  title =	"The {\LaTeX} Graphics Companion: Illustrating
		 Documents with {\TeX} and {PostScript}",
  publisher =	"Addison Wesley",
  year = 	"1997",
  address =	"Reading, Massachusetts",
  ISBN = 	"0-201-85469-4",
  rtnote =	"In RHT collection. Summer 2003.",
  topic =	"html;computer-assisted-document-preparation;
		 TeX/LaTeX-manual;",
}


